<?xml version="1.0" encoding="UTF-8"?>
<collection xmlns:xsi="http://www.w3.org/2001/XMLSchema-instance" xsi:schemaLocation="http://www.loc.gov/MARC21/slim http://www.loc.gov/standards/marcxml/schema/MARC21slim.xsd" xmlns="http://www.loc.gov/MARC21/slim">
<record>
  <leader>00599cam a2200181 u 4500</leader>
  <controlfield tag="001">648214</controlfield>
  <controlfield tag="003">NNC</controlfield>
  <controlfield tag="005">20150920223158.0</controlfield>
  <controlfield tag="008">880511s1897    ua ||||||||| |||| ||ara |</controlfield>
  <datafield tag="035" ind1=" " ind2=" ">
    <subfield code="a">(OCoLC)60601325</subfield>
  </datafield>
  <datafield tag="035" ind1=" " ind2=" ">
    <subfield code="a">(OCoLC)ocm60601325</subfield>
  </datafield>
  <datafield tag="035" ind1=" " ind2=" ">
    <subfield code="a">(CStRLIN)NYCG88-B33774</subfield>
  </datafield>
  <datafield tag="035" ind1=" " ind2=" ">
    <subfield code="9">ACV5325CU</subfield>
  </datafield>
  <datafield tag="035" ind1=" " ind2=" ">
    <subfield code="a">(NNC)648214</subfield>
  </datafield>
  <datafield tag="100" ind1="1" ind2=" ">
    <subfield code="a">Anbabi, Muhammad.</subfield>
  </datafield>
  <datafield tag="245" ind1="1" ind2="0">
    <subfield code="a">Ḥāshiyat Muḥammad al-Anbābī ʻalá risālat Muḥammad al-Ṣabbān fī ʻilm al-bayān;</subfield>
    <subfield code="b">wa-bi-hāmishihā al-risālah al-madhkūrah.</subfield>
  </datafield>
  <datafield tag="260" ind1=" " ind2=" ">
    <subfield code="a">Bulaq :</subfield>
    <subfield code="b">al-Matbaʻah al-Amiriyah,</subfield>
    <subfield code="c">1315 [1897]</subfield>
  </datafield>
  <datafield tag="300" ind1=" " ind2=" ">
    <subfield code="a">512 p.</subfield>
  </datafield>
  <datafield tag="955" ind1=" " ind2=" ">
    <subfield code="b">CU59576375</subfield>
    <subfield code="d">off,glx</subfield>
    <subfield code="e">ME06644</subfield>
  </datafield>
</record>
</collection>